<?xml version="1.0" encoding="UTF-8"?><collection xmlns="http://www.loc.gov/MARC21/slim"><record><leader>00398nam--2200145-i-4500</leader><controlfield tag="001">000039417</controlfield><controlfield tag="002">20161230</controlfield><controlfield tag="005">20161230201042</controlfield><controlfield tag="008">060222s1000------------r-----000-0-eng-d</controlfield><datafield ind1=" " ind2=" " tag="080"><subfield code="a">681.5</subfield></datafield><datafield ind1=" " ind2=" " tag="245"><subfield code="a">Robot sensors. vol.2: tactile and non-vision</subfield></datafield><datafield ind1=" " ind2=" " tag="260"><subfield code="a">Berlin, Springer-verlag, 1986, 323p</subfield></datafield><datafield ind1=" " ind2=" " tag="490"><subfield code="a">International Trends In Manufacturing Technology</subfield></datafield><datafield ind1=" " ind2=" " tag="700"><subfield code="a">Pugh, Alan</subfield></datafield><datafield ind1=" " ind2=" " tag="852"><subfield code="a">74237</subfield></datafield></record></collection>